<record><leader>00000cas a22000007a 4500</leader><controlfield tag="001">15710037</controlfield><controlfield tag="008">870519d19731984iauwr ne      0    0eng d</controlfield><datafield ind1=" " ind2=" " tag="010"><subfield code="a">sn 87057155 </subfield></datafield><datafield ind1=" " ind2=" " tag="040"><subfield code="a">INP</subfield><subfield code="b">eng</subfield><subfield code="c">INP</subfield><subfield code="d">OCLCQ</subfield></datafield><datafield ind1=" " ind2=" " tag="042"><subfield code="a">msc</subfield></datafield><datafield ind1="0" ind2="0" tag="245"><subfield code="a">Big Creek news.</subfield></datafield><datafield ind1=" " ind2=" " tag="260"><subfield code="a">Polk City, Iowa :</subfield><subfield code="b">Big Creek Pub. Co.</subfield></datafield><datafield ind1=" " ind2=" " tag="300"><subfield code="a">v.</subfield></datafield><datafield ind1=" " ind2=" " tag="310"><subfield code="a">Weekly</subfield></datafield><datafield ind1="1" ind2=" " tag="362"><subfield code="a">Issued 1973?-Feb. 9, 1984?</subfield></datafield><datafield ind1=" " ind2=" " tag="500"><subfield code="a">Publisher varies.</subfield></datafield><datafield ind1=" " ind2=" " tag="588"><subfield code="a">Description based on: Vol. 3, no. 18, (Apr. 29, 1976).</subfield></datafield><datafield ind1=" " ind2=" " tag="752"><subfield code="a">United States</subfield><subfield code="b">Iowa</subfield><subfield code="c">Polk</subfield><subfield code="d">Polk City.</subfield></datafield><datafield ind1="0" ind2="4" tag="785"><subfield code="t">Madrid register-news</subfield><subfield code="w">(DLC)sn 85050912</subfield></datafield></record>